
% bibliography file for my master thesis

@BOOK{DUMMY:1,
AUTHOR="John Doe",
TITLE="The Book without Title",
PUBLISHER="Dummy Publisher",
YEAR="2100"
}



@article{Liljencrantz,
        author={Liljencrantz,A. and Karoumi,R. and Olofsson,P.},
        year={2007},
        title={Implementing bridge weigh-in-motion for railway traffic},
        journal={Computers and Structures},
        volume={85},
        number={1-2},
        pages={80-88},
        language={English},
        url={www.scopus.com}
}

@phdthesis{Quilligan,
   author = {Quilligan, Michael},
   institution = {KTH, Civil and Architectural Engineering},
   note = {NR 20140805},
   pages = {viii, 144},
   publisher = {Byggvetenskap},
   school = {KTH, Civil and Architectural Engineering},
   title = {Bridge Weigh-in Motion : Development of a 2-D multi-vehicle algorithm},
   series = {Trita-BKN. Bulletin},
   number = {69},
   year = {2003}
}

@article{bwim_an_overview,
author = {O'Brien,E. and Jacob,B. and COST 323},
title = { Second European conference on weigh-in-motion of road vehicles : Lisbon, 14th - 16th September, 1998},
year = {1988},
pages = {139, 152}
}
